@article{dabrowska05,
  title={Productivity and beyond: mastering the Polish genitive inflection},
  author={D{\k{a}}browska, E.},
  journal={Journal of child language},
  volume={32},
  number={1},
  pages={191--205},
  year={2005},
  publisher={Cambridge University Press}
}

@article{fleiss71,
  title={Measuring nominal scale agreement among many raters.},
  author={Fleiss, Joseph L},
  journal={Psychological bulletin},
  volume={76},
  number={5},
  pages={378},
  year={1971},
  publisher={American Psychological Association}
}

@article{hallgren12,
  title={Computing inter-rater reliability for observational data: an overview and tutorial},
  author={Hallgren, K. A.},
  journal={Tutorials in quantitative methods for psychology},
  volume={8},
  number={1},
  pages={23},
  year={2012},
  publisher={NIH Public Access}
}

@book{alekseev97,
  title={Avarskiy yazik},
  author={Alekseyev, M. Ye. and Atayev, B. M.},
  year={1997},
  publisher={Academia}
}

@book{magomedbekova71,
  title={Karatinskiy yazik: grammaticheskiy analiz, teksty, slovar},
  author={Magomedbekova, Z. M.},
  year={1971},
  publisher={Metsniyereba}
}

@book{gudava62,
  title={Botlikhskiy yazik},
  author={Gudava, T. E.},
  publisher = {AN GSSR},
  adress={Tbilisi},
  year={1962}
}

@incollection{nichols94,
  title = {Chechen},
  author = {J. Nichols},
  booktitle={The indigenous languages of the Caucasus, vol. 4: The North East Caucasian languages, part 2},
  editor={Smeets, R.},
  publisher ={Delmar, NY: Caravan Books},
  year={1994},
  pages= {2--77}
}

@incollection{alekseev99,
  title={Andiyskiye yaziki},
  booktitle={Yaziki mira. Kavkazskiye yaziki},
  author={Alekseev, M. Ye.},
  editor={Алексеев, M. Ye. and Starostin, S. A. and Klimov, G. A. and Testelets, Ya. G.},
  year={1999},
  publisher={Academia},
  pages= {220--228}
}

@phdthesis{suleymanov57,
	title={Grammaticheskiy ocherk andiyskogo yazika (po dannim govora s. Rikvani)},
	author={Suleymanov, Ya. G.},
	year={1957},
	school={Institut yazikoznaniya AN SSSR}
}

@book{salimov10,
  title={Gagatlinskiy govor andiyskogo yazika},
  author={Salimov, Kh. S.},
  publisher={Institut yazika, literaturi i iskusstva im. G. Tsadasi},
  year={2010 (1968)}
}

@book{tsertsvadze65,
    title={Andiyskiy yazik},
    author={Tsertsvdze, I. I.},
    adress={Tbilisi},
    publisher={Metsniyereba},
    year={1965}
}